<?xml version="1.0" encoding="UTF-8"?><collection xmlns="http://www.loc.gov/MARC21/slim"><record><leader>00520nam--2200181-i-4500</leader><controlfield tag="001">000000014</controlfield><controlfield tag="002">20161230</controlfield><controlfield tag="005">20170117110451</controlfield><controlfield tag="008">060222s1000------------r-----000-0-rum-d</controlfield><datafield ind1=" " ind2=" " tag="028"><subfield code="a">IFIN-HH</subfield></datafield><datafield ind1=" " ind2=" " tag="041"><subfield code="a">rum</subfield></datafield><datafield ind1=" " ind2=" " tag="080"><subfield code="a">531.19:519.2(043)</subfield></datafield><datafield ind1="1" ind2=" " tag="100"><subfield code="a">Gartner, Paul</subfield></datafield><datafield ind1="1" ind2="0" tag="245"><subfield code="a">Comportarea macroscopica a sistemelor cu conductie electronica prin salturi</subfield><subfield code="b">Teza</subfield><subfield code="c">Paul Gartner</subfield></datafield><datafield ind1=" " ind2=" " tag="260"><subfield code="a">Bucuresti</subfield><subfield code="b">Institutul Central De Fizica</subfield><subfield code="c">1989</subfield></datafield><datafield ind1=" " ind2=" " tag="300"><subfield code="a">127 P</subfield></datafield><datafield ind1=" " ind2=" " tag="852"><subfield code="a">79210</subfield><subfield code="c">519.2</subfield></datafield><datafield ind1=" " ind2=" " tag="CAT"><subfield code="a">SYS</subfield><subfield code="c">20170117</subfield><subfield code="h">110451</subfield></datafield></record></collection>